%% This BibTeX bibliography file was created using BibDesk.
%% http://bibdesk.sourceforge.net/
%% Saved with string encoding Unicode (UTF-8) 

@article{neifeld2006taskSpecificSensing, 
  author = {Mark Allen Neifeld and Abhijit Mahalanobis and David J. Brady}, 
  journal = {Appl. Opt.}, 
  keywords = {Image processing; Imaging systems; Spectroscopy},
  number = {13}, 
  pages = {2857--2858}, 
  publisher = {OSA},
  title = {Task-specific sensing-introduction}, 
  volume = {45}, 
  month = {May},
  year = {2006},
  url = {http://ao.osa.org/abstract.cfm?URI=ao-45-13-2857},
  doi = {10.1364/AO.45.002857},
  abstract = {},
}

@article{rayleigh1879investigations,
  file={/Users/Phillip/Dropbox/Research/Papers/Rayleigh-1879-The London.pdf},
  doi={10.1080/14786447908639684},
  author={Rayleigh, L},
  year={1879},
  title={Investigations in optics, with special reference to the spectroscope},
  journal={The London, Edinburgh, and Dublin Philosophical Magasize and Journal of Science}
}

% This paper is helped establish the Shannon-Nyquist Sampling Theorem
@article{shannon1949communication,
  title={Communication in the presence of noise},
  author={Shannon, Claude Elwood},
  journal={Proceedings of the IRE},
  volume={37},
  number={1},
  pages={10--21},
  year={1949},
  publisher={IEEE}
}

% This paper is helped establish the Shannon-Nyquist Sampling Theorem
@article{nyquist1928certain,
  title={Certain topics in telegraph transmission theory},
  author={Nyquist, Harry},
  journal={Unknown Journal},
  year={1928},
  publisher={publisher not identified}
}

% This paper is helped establish the Shannon-Nyquist Sampling Theorem
@article{nyquist1924certain,
  title={Certain Factors Affecting Telegraph Speed},
  author={Nyquist, Harry},
  journal={Bell System technical journal},
  volume={3},
  number={2},
  pages={324--346},
  year={1924},
  publisher={Wiley Online Library}
}

% A paper that says that focal plane arrays do not exist for the sub-millimeter wave do not exist.
@inproceedings{noor2011compressive,
  title={Compressive sensing for a sub-millimeter-wave single pixel imager},
  author={Noor, Imama and Furxhi, Orges and Jacobs, Eddie L},
  booktitle={SPIE Defense, Security, and Sensing},
  pages={80220K--80220K},
  year={2011},
  organization={International Society for Optics and Photonics}
}

@book{cover2012elements,
  title={Elements of information theory},
  author={Cover, Thomas M and Thomas, Joy A},
  year={2012},
  publisher={John Wiley \& Sons}
}

@book{taubman2012jpeg2000,
  title={JPEG2000 Image Compression Fundamentals, Standards and Practice: Image Compression Fundamentals, Standards and Practice},
  author={Taubman, David and Marcellin, Michael},
  volume={642},
  year={2012},
  publisher={Springer Science \& Business Media}
}